<record><leader>00000cas a22000007a 4500</leader><controlfield tag="001">27970269</controlfield><controlfield tag="008">930423d1976199uokudr n       0   a0eng d</controlfield><datafield ind1=" " ind2=" " tag="010"><subfield code="a">sn 93065933 </subfield></datafield><datafield ind1=" " ind2=" " tag="040"><subfield code="a">OBN</subfield><subfield code="b">eng</subfield><subfield code="c">OBN</subfield><subfield code="d">NSD</subfield><subfield code="d">OCL</subfield><subfield code="d">OCLCQ</subfield></datafield><datafield ind1=" " ind2=" " tag="012"><subfield code="j">0</subfield><subfield code="m">d</subfield></datafield><datafield ind1="1" ind2=" " tag="022"><subfield code="a">1073-9440</subfield><subfield code="l">1073-9440</subfield><subfield code="2">1</subfield></datafield><datafield ind1=" " ind2=" " tag="042"><subfield code="a">msc</subfield><subfield code="a">nsdp</subfield></datafield><datafield ind1=" " ind2="4" tag="222"><subfield code="a">The Edmond evening sun</subfield></datafield><datafield ind1="0" ind2="4" tag="245"><subfield code="a">The Edmond evening sun.</subfield></datafield><datafield ind1="3" ind2="0" tag="246"><subfield code="a">Edmond Sunday</subfield></datafield><datafield ind1=" " ind2=" " tag="260"><subfield code="a">Edmond, Okla. :</subfield><subfield code="b">E. Livermore Jr.</subfield></datafield><datafield ind1=" " ind2=" " tag="300"><subfield code="a">v.</subfield></datafield><datafield ind1=" " ind2=" " tag="310"><subfield code="a">Daily</subfield></datafield><datafield ind1="0" ind2=" " tag="362"><subfield code="a">Vol. 86, no. 37 (Dec. 12, 1976)-</subfield></datafield><datafield ind1=" " ind2=" " tag="500"><subfield code="a">On Sundays published as: Edmond Sunday.</subfield></datafield><datafield ind1=" " ind2=" " tag="588"><subfield code="a">Latest issue consulted: Vol. 104, no. 229 (Nov. 18, 1993).</subfield></datafield><datafield ind1=" " ind2="4" tag="651"><subfield code="a">Edmond (Okla.)</subfield><subfield code="v">Newspapers.</subfield></datafield><datafield ind1=" " ind2="4" tag="651"><subfield code="a">Oklahoma County (Okla.)</subfield><subfield code="v">Newspapers.</subfield></datafield><datafield ind1=" " ind2=" " tag="752"><subfield code="a">United States</subfield><subfield code="b">Oklahoma</subfield><subfield code="c">Oklahoma</subfield><subfield code="d">Edmond.</subfield></datafield><datafield ind1="0" ind2="0" tag="780"><subfield code="t">Edmond sun (Edmond, Okla. : 1900)</subfield><subfield code="w">(DLC)sn 93065937</subfield><subfield code="w">(OCoLC)27967797</subfield></datafield><datafield ind1="0" ind2="5" tag="780"><subfield code="t">Edmond booter</subfield><subfield code="w">(DLC)sn 93065936</subfield><subfield code="w">(OCoLC)27729940</subfield></datafield><datafield ind1="0" ind2="0" tag="785"><subfield code="t">Edmond sun (1998)</subfield><subfield code="x">1522-5828</subfield><subfield code="w">(DLC)sn 98002692</subfield></datafield><datafield ind1="1" ind2=" " tag="029"><subfield code="a">AU@</subfield><subfield code="b">000020744586</subfield></datafield></record>